<record><leader>00000cas a2200000 a 4500</leader><controlfield tag="001">30018487</controlfield><controlfield tag="008">940324d19781989iluwr ne      0    0eng d</controlfield><datafield ind1=" " ind2=" " tag="010"><subfield code="a">sn 94054680 </subfield></datafield><datafield ind1=" " ind2=" " tag="040"><subfield code="a">NVF</subfield><subfield code="b">eng</subfield><subfield code="c">NVF</subfield><subfield code="d">CVF</subfield><subfield code="d">OCL</subfield><subfield code="d">OCLCQ</subfield><subfield code="d">OCLCO</subfield><subfield code="d">OCLCF</subfield><subfield code="d">OCLCO</subfield></datafield><datafield ind1="1" ind2=" " tag="029"><subfield code="a">AU@</subfield><subfield code="b">000010929090</subfield></datafield><datafield ind1=" " ind2=" " tag="042"><subfield code="a">msc</subfield></datafield><datafield ind1=" " ind2=" " tag="043"><subfield code="a">n-us-il</subfield></datafield><datafield ind1="0" ind2="0" tag="245"><subfield code="a">Voice of Roselle/Medinah.</subfield></datafield><datafield ind1=" " ind2=" " tag="260"><subfield code="a">[Schaumburg, Ill.] :</subfield><subfield code="b">Louis A. Lerner,</subfield><subfield code="c">1978-1989.</subfield></datafield><datafield ind1=" " ind2=" " tag="300"><subfield code="a">v.</subfield></datafield><datafield ind1=" " ind2=" " tag="310"><subfield code="a">Weekly</subfield></datafield><datafield ind1="0" ind2=" " tag="362"><subfield code="a">Vol. 4, no. 2 (Oct. 18, 1978)-v. 10, no. 18 (Mar. 15, 1989).</subfield></datafield><datafield ind1=" " ind2="0" tag="651"><subfield code="a">Medinah (Ill.)</subfield><subfield code="v">Newspapers.</subfield></datafield><datafield ind1=" " ind2="0" tag="651"><subfield code="a">Roselle (Ill.)</subfield><subfield code="v">Newspapers.</subfield></datafield><datafield ind1=" " ind2="7" tag="655"><subfield code="a">Newspapers.</subfield><subfield code="2">fast</subfield><subfield code="0">(OCoLC)fst01423814</subfield></datafield><datafield ind1=" " ind2="7" tag="651"><subfield code="a">Illinois</subfield><subfield code="z">Medinah.</subfield><subfield code="2">fast</subfield><subfield code="0">(OCoLC)fst01926147</subfield></datafield><datafield ind1=" " ind2="7" tag="651"><subfield code="a">Illinois</subfield><subfield code="z">Roselle.</subfield><subfield code="2">fast</subfield><subfield code="0">(OCoLC)fst01250142</subfield></datafield><datafield ind1=" " ind2=" " tag="752"><subfield code="a">United States</subfield><subfield code="b">Illinois</subfield><subfield code="c">Cook</subfield><subfield code="d">Schaumburg.</subfield></datafield><datafield ind1="0" ind2="1" tag="780"><subfield code="t">Voice of Bloomingdale/Roselle/Medinah</subfield><subfield code="w">(DLC)sn 94054685</subfield></datafield><datafield ind1="0" ind2="0" tag="785"><subfield code="t">Roselle-Medinah Voice</subfield><subfield code="w">(DLC)sn 96070068</subfield></datafield></record>